%% This BibTeX bibliography file was created using BibDesk.
%% https://bibdesk.sourceforge.io/

%% Created for François Milot at 2020-12-11 16:27:35 -0500 


%% Saved with string encoding Unicode (UTF-8) 

@article{fitzgerald1,
author = {Fitzgerald, Derry},
year = {2010},
month = {01},
pages = {},
title = {Harmonic/Percussive Separation using Median Filtering},
journal = {13th International Conference on Digital Audio Effects (DAFx-10)}
}

@misc{driedger,
author = {Driedger, Jonathan and Müller, Meinard and Disch, Sascha},
year = {2014},
month = {01},
pages = {},
title = {Extending Harmonic-Percussive Separation of Audio Signals}
}

@article{fitzgerald2,
author = {Fitzgerald, Derry and Gainza, Mikel},
year = {2010},
month = {01},
pages = {},
title = {Single Channel Vocal Separation using Median Filtering and Factorisation Techniques},
volume = {4},
journal = {ISAST Transactions on Electronic and Signal Processing}
}

@article{tfjigsaw,
author = {Jaillet, Florent and Torrésani, Bruno},
year = {2007},
month = {03},
pages = {},
title = {Time-Frequency Jigsaw Puzzle: adaptive multiwindow and multilayered Gabor expansions},
volume = {05},
journal = {International Journal of Wavelets, Multiresolution and Information Processing},
doi = {10.1142/S0219691307001768}
}

@website{tfjigsaw2,
title = {TFJIGSAWSEP - Time frequency jigsaw puzzle tonal-transient separation},
url = {https://ltfat.github.io/doc/sigproc/tfjigsawsep.html},
}

@website{tfjigsaw3,
title = {ltfat/demo\_tfjigsawsep.m},
url = {https://github.com/ltfat/ltfat/blob/00c2929ef069d294dd84974af8887a9b91d1f994/demos/demo_tfjigsawsep.m},
}

@phdthesis{bayarres,
author = {Ignacio Irigaray Bayarres},
title = {Transient and steady-state component separation for audio signals},
url = {https://iie.fing.edu.uy/publicaciones/2014/Iri14/Iri14.pdf},
issn = {1688-2806},
year = {2014},
school = {Universidad de la Rep{\'u}blica Facultad de Ingenier{\'i}a}
}

@inproceedings{wmdct,
author = {Siedenburg, Kai and Doerfler, Monika},
year = {2011},
month = {01},
pages = {},
title = {Structured sparsity for audio signals},
booktitle = {Proc. of the 14th International Conference on Digital Audio Effects (DAFx-11), Paris, France}
}

@website{wmdct2,
title = {Structured Sparsity for Audio Signals},
url = {https://homepage.univie.ac.at/monika.doerfler/StrucAudio.html}
}

@website{wmdct3,
title = {DEMO\_AUDIOSHRINK - Decomposition into tonal and transient parts},
url = {https://ltfat.github.io/doc/demos/demo_audioshrink.html}
}

@website{wmdct4,
title = {ltfat/demo\_audioshrink.m},
url = {https://github.com/ltfat/ltfat/blob/master/demos/demo_audioshrink.m}
}

@incollection{ltfat,
    year={2014},
    isbn={978-3-319-12975-4},
    booktitle={Sound, Music, and Motion},
    series={Lecture Notes in Computer Science},
    editor={Aramaki, Mitsuko and Derrien, Olivier and Kronland-Martinet, Richard and Ystad, S{\o}lvi},
    title={{The Large Time-Frequency Analysis Toolbox 2.0}},
    publisher={Springer International Publishing},
    author={Pr\r{u}\v{s}a, Zden\v{e}k and S{\o}ndergaard, Peter L. and Holighaus, Nicki and Wiesmeyr, Christoph and Balazs, Peter},
    pages={419-442},
    url={{http://dx.doi.org/10.1007/978-3-319-12976-1_25}},
    doi={{10.1007/978-3-319-12976-1_25}},
}

@misc{musdb18,
  author       = {Rafii, Zafar and
                  Liutkus, Antoine and
                  Fabian-Robert St{\"o}ter and
                  Mimilakis, Stylianos Ioannis and
                  Bittner, Rachel},
  title        = {The {MUSDB18} corpus for music separation},
  month        = dec,
  year         = 2017,
  doi          = {10.5281/zenodo.1117372},
  url          = {https://doi.org/10.5281/zenodo.1117372}
}

@misc{musdb18-hq,
  author       = {Rafii, Zafar and
                  Liutkus, Antoine and
                  Stöter, Fabian-Robert and
                  Mimilakis, Stylianos Ioannis and
                  Bittner, Rachel},
  title        = {MUSDB18-HQ - an uncompressed version of MUSDB18},
  month        = aug,
  year         = 2019,
  doi          = {10.5281/zenodo.3338373},
  url          = {https://doi.org/10.5281/zenodo.3338373}
}

@article{bss,
author = {Vincent, Emmanuel and Gribonval, Rémi and Févotte, Cédric},
year = {2006},
month = {08},
pages = {1462 - 1469},
title = {Performance measurement in blind audio source separation},
volume = {14},
journal = {Audio, Speech, and Language Processing, IEEE Transactions on},
doi = {10.1109/TSA.2005.858005}
}

@article{peass,
author = {Emiya, Valentin and Vincent, Emmanuel and Harlander, Niklas and Hohmann, Volker},
year = {2011},
month = {10},
pages = {},
title = {Subjective and Objective Quality Assessment of Audio Source Separation},
volume = {19},
journal = {IEEE Transactions on Audio, Speech, and Language Processing},
doi = {10.1109/TASL.2011.2109381}
}

@article{pemoq,
	author={R. {Huber} and B. {Kollmeier}},
	journal={IEEE Transactions on Audio, Speech, and Language Processing},
	title={PEMO-Q -- A New Method for Objective Audio Quality Assessment Using a Model of Auditory Perception},
	year={2006},
	volume={14},
	number={6},
	pages={1902-1911},
	doi={10.1109/TASL.2006.883259}
}

@inproceedings{beassvpeass,
author = {Ward, Dominic and Wierstorf, Hagen and Mason, Russell and Grais, Emad and Plumbley, Mark},
year = {2018},
month = {04},
pages = {},
title = {BSS Eval or Peass? Predicting the Perception of Singing-Voice Separation},
doi = {10.1109/ICASSP.2018.8462194}
}

@article{umx,
  doi = {10.21105/joss.01667},
  url = {https://doi.org/10.21105/joss.01667},
  year = {2019},
  publisher = {The Open Journal},
  volume = {4},
  number = {41},
  pages = {1667},
  author = {Fabian-Robert Stöter and Stefan Uhlich and Antoine Liutkus and Yuki Mitsufuji},
  title = {Open-Unmix - A Reference Implementation for Music Source Separation},
  journal = {Journal of Open Source Software}
}

@misc{peassmatlab,
url = {http://bass-db.gforge.inria.fr/peass/},
title = {The PEASS Toolkit - Perceptual Evaluation methods for Audio Source Separation},
year = {2011}}

@website{imagenoise,
title={Noise Removal - MATLAB \& Simulink},
url={https://www.mathworks.com/help/images/noise-removal.html}}

@inbook{masking,
author = {Gerkmann, Timo and Vincent, Emmanuel},
year = {2018},
month = {08},
pages = {65-85},
title = {Spectral Masking and Filtering},
isbn = {9781119279891},
doi = {10.1002/9781119279860.ch5},
url = {https://hal.inria.fr/hal-01881425/document}
}
